<record xmlns:xsi="http://www.w3.org/2001/XMLSchema-instance" xmlns="http://www.loc.gov/MARC21/slim" xsi:schemaLocation="http://www.loc.gov/MARC21/slim http://www.loc.gov/standards/marcxml/schema/MARC21slim.xsd">

  <leader>01433nab a2200169   4500</leader>
  <controlfield tag="005">20160331133138.0</controlfield>
  <controlfield tag="008">151028b2004    cr f|||| |||| 00| 0 spa d</controlfield>
  <datafield tag="090" ind2=" " ind1=" ">
    <subfield code="a">REVIS 06.02.01</subfield>
  </datafield>
  <datafield ind1="1" tag="100" ind2=" ">
    <subfield code="9">1132</subfield>
    <subfield code="a">Murillo Medrano, Jorge</subfield>
  </datafield>
  <datafield ind2="3" tag="245" ind1="1">
    <subfield code="a">La pragmática y la enseñanza del español como segunda lengua /</subfield>
    <subfield code="c">Jorge Murillo Medrano</subfield>
  </datafield>
  <datafield ind1=" " tag="260" ind2=" ">
    <subfield code="a">San José, Costa Rica :</subfield>
    <subfield code="b">Editorial Universidad de Costa Rica,</subfield>
    <subfield code="c">2004</subfield>
  </datafield>
  <datafield ind1=" " tag="300" ind2=" ">
    <subfield code="a">páginas 255-267</subfield>
  </datafield>
  <datafield ind1=" " ind2=" " tag="520">
    <subfield code="a">Interesa en este trabajo destacar las interrelaciones entre ciertos conceptos de pragmática lingüística y el desarrollo de la enseñanza del español como segunda lengua. Se parte de algunas nociones generales de pragmática, como la de actos de habla y la noción de imágen social (face) para dar cuenta de la importancia que reviste integrar estos aspectos en un currículo de español como segunda lengua.
La exposición se divide en tres partes: la primera refiere conceptos generales de pragmalingüística; en la segunda, se reseñan los principales aportes, hasta ahora estudiados, entre esta disciplina y los estudios sobre enseñanza y adquisición de segundas lenguas para, en la tercera, presentar un caso específico sobre el español como L2</subfield>
  </datafield>
  <datafield tag="650" ind2="4" ind1="1">
    <subfield code="9">1</subfield>
    <subfield code="a">EDUCACIÓN</subfield>
  </datafield>
  <datafield tag="773" ind2=" " ind1="0">
    <subfield code="d">San José, Costa Rica : Editorial de la Universidad de Costa Rica, 1997-</subfield>
    <subfield code="o">R0253</subfield>
    <subfield code="t">EDUCACIÓN: Revista de la Universidad de Costa Rica</subfield>
    <subfield code="g">Vol.28, no.2 (2004)  </subfield>
  </datafield>
  <datafield ind1=" " ind2=" " tag="942">
    <subfield code="2">z</subfield>
    <subfield code="c">10</subfield>
  </datafield>
  <datafield tag="999" ind2=" " ind1=" ">
    <subfield code="c">2923</subfield>
    <subfield code="d">2923</subfield>
  </datafield>
</record>